

@article{joshi20_photom_kinem_variab_study_young,
  author          = {Y C Joshi and J Maurya and A A John and A Panchal and S
                  Joshi and B Kumar},
  title           = {Photometric, Kinematic, and Variability Study in the Young
                  Open Cluster Ngc 1960},
  journal         = {Monthly Notices of the Royal Astronomical Society},
  volume          = 492,
  number          = 3,
  pages           = {3602-3621},
  year            = 2020,
  doi             = {10.1093/mnras/staa029},
  url             = {http://dx.doi.org/10.1093/mnras/staa029},
  DATE_ADDED      = {Thu May 8 19:51:13 2025},
}
